<?xml version="1.0"?>
<collection xmlns="http://www.loc.gov/MARC21/slim">
  <record>
    <leader>01268nam a2200313 a 4500</leader>
    <controlfield tag="001">cihm_28689</controlfield>
    <controlfield tag="003">CaSfIA</controlfield>
    <controlfield tag="005">20160212080810.0</controlfield>
    <controlfield tag="007">cr||||||||||||</controlfield>
    <controlfield tag="008">870623s1851    quc     b     000 0 eng d</controlfield>
    <datafield tag="020" ind1=" " ind2=" ">
      <subfield code="a">0665286899</subfield>
    </datafield>
    <datafield tag="035" ind1=" " ind2=" ">
      <subfield code="a">ocn434013109</subfield>
    </datafield>
    <datafield tag="040" ind1=" " ind2=" ">
      <subfield code="a">CaOOCIHM</subfield>
      <subfield code="b">eng</subfield>
      <subfield code="c">CaOOCIHM</subfield>
      <subfield code="d">AEU</subfield>
      <subfield code="d">CaSfIA</subfield>
    </datafield>
    <datafield tag="082" ind1="0" ind2=" ">
      <subfield code="a">910</subfield>
      <subfield code="2">19</subfield>
    </datafield>
    <datafield tag="090" ind1=" " ind2=" ">
      <subfield code="a">FC 02 0203 no. 28689</subfield>
      <subfield code="b">AEU</subfield>
    </datafield>
    <datafield tag="100" ind1="1" ind2=" ">
      <subfield code="a">Pinnock, W.</subfield>
      <subfield code="q">(William),</subfield>
      <subfield code="d">1782-1843.</subfield>
    </datafield>
    <datafield tag="245" ind1="1" ind2="0">
      <subfield code="a">Pinnock's catechism of geography</subfield>
      <subfield code="h">[electronic resource] </subfield>
      <subfield code="b">being an easy introduction to the knowledge of the world and its inhabitants,the whole of which may be committed to memory at an early age.</subfield>
    </datafield>
    <datafield tag="250" ind1=" " ind2=" ">
      <subfield code="a">Rev. and enl. ed.</subfield>
    </datafield>
    <datafield tag="260" ind1=" " ind2=" ">
      <subfield code="a">Montreal :</subfield>
      <subfield code="b">R. &amp; A. Miller,</subfield>
      <subfield code="c">1831.</subfield>
    </datafield>
    <datafield tag="300" ind1=" " ind2=" ">
      <subfield code="a">1 microfiche (43 fr.).</subfield>
    </datafield>
    <datafield tag="490" ind1="1" ind2=" ">
      <subfield code="a">CIHM/ICMH Microfiche series = CIHM/ICMH collection de microfiches ;</subfield>
      <subfield code="v">no. 28689</subfield>
    </datafield>
    <datafield tag="533" ind1=" " ind2=" ">
      <subfield code="a">Filmed from a copy of the original publication held by the Seminary of Quebec Library.</subfield>
      <subfield code="b">Ottawa :</subfield>
      <subfield code="c">Canadian Institute for Historical Microreproductions,</subfield>
      <subfield code="d">1986.</subfield>
    </datafield>
    <datafield tag="534" ind1=" " ind2=" ">
      <subfield code="e">72, [1] p. ; 18 cm.</subfield>
    </datafield>
    <datafield tag="596" ind1=" " ind2=" ">
      <subfield code="a">43</subfield>
    </datafield>
    <datafield tag="650" ind1=" " ind2="0">
      <subfield code="a">Geography.</subfield>
    </datafield>
    <datafield tag="650" ind1=" " ind2="6">
      <subfield code="a">G&#xC3;&#xA9;ographi</subfield>
    </datafield>
    <!-- No separator at end of field length=17 -->
    <!-- Bad indicator data. Skipping 2 bytes -->
    <datafield tag="830" ind1=" " ind2="0">
      <subfield code="a">CIHM/ICMH microfiche series ;</subfield>
      <subfield code="v">no. 28689</subfield>
    </datafield>
    <!-- Bad indicator data. Skipping 2 bytes -->
    <datafield tag="856" ind1="4" ind2="1">
      <subfield code="u">http://archive.org/details/cihm_28689</subfield>
      <subfield code="z">Free eBook from the Internet Archive</subfield>
    </datafield>
    <datafield tag="856" ind1="4" ind2="2">
      <subfield code="u">http://www.openlibrary.org/books/OL24227826M</subfield>
      <subfield code="z">Additional information and access via Open Library</subfield>
    </datafield>
    <!-- Bad indicator data. Skipping 2 bytes -->
    <datafield tag="016" ind1=" " ind2=" ">
      <subfield code="a"> 876072937</subfield>
    </datafield>
    <!-- Bad indicator data. Skipping 2 bytes -->
  </record>
</collection>
